<?xml version="1.0" encoding="UTF-8"?><collection xmlns="http://www.loc.gov/MARC21/slim"><record><leader>00535nam--2200193-u-4500</leader><controlfield tag="001">000052886</controlfield><controlfield tag="002">20161230</controlfield><controlfield tag="005">20161230201050</controlfield><controlfield tag="008">101125s1000------------r-----000-0-rus-d</controlfield><datafield ind1=" " ind2=" " tag="040"><subfield code="a">IFIN-HH</subfield></datafield><datafield ind1=" " ind2=" " tag="041"><subfield code="a">rus</subfield></datafield><datafield ind1=" " ind2=" " tag="080"><subfield code="a">621.372</subfield></datafield><datafield ind1="1" ind2=" " tag="100"><subfield code="a">Sokolovskii, I.I</subfield></datafield><datafield ind1="1" ind2="0" tag="245"><subfield code="a">Priklasnaia radiooptika</subfield><subfield code="b">Teoria i metodi rezonansnoi uglovoi filtrashii</subfield><subfield code="c">I.i. sokolovskii; iu.a. pokrovskii</subfield></datafield><datafield ind1=" " ind2=" " tag="260"><subfield code="a">Kiev</subfield><subfield code="b">Naukova Dumka</subfield><subfield code="c">1986</subfield></datafield><datafield ind1=" " ind2=" " tag="300"><subfield code="a">220P</subfield></datafield><datafield ind1="1" ind2=" " tag="700"><subfield code="a">Pokrovskii, Iu.A</subfield></datafield><datafield ind1=" " ind2=" " tag="852"><subfield code="a">74262</subfield><subfield code="c">535</subfield></datafield><datafield ind1=" " ind2=" " tag="CAT"><subfield code="a">Sys</subfield><subfield code="c">20101125</subfield><subfield code="h">160452</subfield></datafield></record></collection>